% This file was created with JabRef 2.5.
% Encoding: ISO8859_1

@ARTICLE{Amari1977,
  author = {Amari, S.},
  title = {{Dynamics of pattern formation in lateral-inhibition type neural
	fields}},
  journal = {Biological Cybernetics},
  year = {1977},
  volume = {27},
  pages = {77--87},
  number = {2},
  publisher = {Springer}
}

@ARTICLE{Anselin1988,
  author = {Anselin, L.},
  title = {{Spatial econometrics}},
  year = {1988},
  isbn = {9024737354},
  publisher = {Wiley Online Library}
}

@BOOK{Arsac1966,
  title = {Fourier transforms and the theory of distributions},
  publisher = {Prentice Hall},
  year = {1966},
  author = {Arsac, J. and Nussbaum, A.}
}

@ARTICLE{Assaf2008,
  author = {Assaf, Y. and Pasternak, O.},
  title = {{Diffusion tensor imaging (DTI)-based white matter mapping in brain
	research: A review}},
  journal = {Journal of Molecular Neuroscience},
  year = {2008},
  volume = {34},
  pages = {51--61},
  number = {1},
  publisher = {Springer}
}

@ARTICLE{Atay2005,
  author = {Atay, F.M. and Hutt, A.},
  title = {{Stability and bifurcations in neural fields with finite propagation
	speed and general connectivity}},
  journal = {SIAM Journal on Applied Mathematics},
  year = {2005},
  volume = {65},
  pages = {644--666},
  number = {2},
  publisher = {Citeseer}
}

@BOOK{Braitenberg1998,
  title = {Cortex: statistics and geometry of neuronal connectivity},
  publisher = {Springer Berlin},
  year = {1998},
  author = {Braitenberg, V. and Sch\"{u}z, A.}
}

@ARTICLE{Breakspear2006,
  author = {Breakspear, M. and Roberts, J.A. and Terry, JR and Rodrigues, S.
	and Mahant, N. and Robinson, PA},
  title = {{A unifying explanation of primary generalized seizures through nonlinear
	brain modeling and bifurcation analysis}},
  journal = {Cerebral Cortex},
  year = {2006},
  volume = {16},
  pages = {1296},
  number = {9},
  publisher = {Oxford Univ Press}
}

@ARTICLE{Bressloff2001,
  author = {Bressloff, P.C. and Cowan, J.D. and Golubitsky, M. and Thomas, P.J.
	and Wiener, M.C.},
  title = {{Geometric visual hallucinations, Euclidean symmetry and the functional
	architecture of striate cortex}},
  journal = {Philosophical Transactions B},
  year = {2001},
  volume = {356},
  pages = {299},
  number = {1407},
  publisher = {The Royal Society}
}

@ARTICLE{Brinkmann2009,
  author = {Brinkmann, B.H. and Bower, M.R. and Stengel, K.A. and Worrell, G.A.
	and Stead, M.},
  title = {{Large-scale electrophysiology: acquisition, compression, encryption,
	and storage of big data}},
  journal = {Journal of Neuroscience Methods},
  year = {2009},
  volume = {180},
  pages = {185--192},
  number = {1},
  publisher = {Elsevier}
}

@BOOK{Butcher2008,
  title = {{Numerical methods for ordinary differential equations}},
  publisher = {Wiley Online Library},
  year = {2008},
  author = {Butcher, J.C. and Ebooks Corporation}
}

@ARTICLE{Cappe2009,
  author = {Capp{\'e}, O. and Moulines, E.},
  title = {{On-line expectation--maximization algorithm for latent data models}},
  journal = {Journal of the Royal Statistical Society: Series B (Statistical Methodology)},
  year = {2009},
  volume = {71},
  pages = {593--613},
  number = {3},
  issn = {1467-9868},
  publisher = {Wiley Online Library}
}

@ARTICLE{Cheung2007,
  author = {Cheung, K.C.},
  title = {{Implantable microscale neural interfaces}},
  journal = {Biomedical microdevices},
  year = {2007},
  volume = {9},
  pages = {923--938},
  number = {6},
  issn = {1387-2176},
  publisher = {Springer}
}

@ARTICLE{Coombes2005,
  author = {Coombes, S.},
  title = {{Waves, bumps, and patterns in neural field theories}},
  journal = {Biological Cybernetics},
  year = {2005},
  volume = {93},
  pages = {91--108},
  number = {2},
  publisher = {Springer}
}

@ARTICLE{Coombes2007,
  author = {Coombes, S. and Venkov, N. A. and Shiau, L. and Bojak, I. and Liley,
	D. T. J. and Laing, C. R.},
  title = {Modeling electrocortical activity through improved local approximations
	of integral neural field equations},
  journal = {Physical Review E},
  year = {2007},
  volume = {76},
  pages = {051901},
  number = {5},
  month = {Nov},
  doi = {10.1103/PhysRevE.76.051901},
  numpages = {8},
  publisher = {American Physical Society}
}

@ARTICLE{Daunizeau2009,
  author = {Daunizeau, J. and Kiebel, S.J. and Friston, K.J.},
  title = {{Dynamic causal modelling of distributed electromagnetic responses}},
  journal = {NeuroImage},
  year = {2009},
  volume = {47},
  pages = {590--601},
  number = {2},
  issn = {1053-8119},
  publisher = {Elsevier}
}

@ARTICLE{David2003,
  author = {David, O. and Friston, K.J.},
  title = {{A neural mass model for MEG/EEG: coupling and neuronal dynamics}},
  journal = {NeuroImage},
  year = {2003},
  volume = {20},
  pages = {1743--1755},
  number = {3},
  publisher = {Elsevier}
}

@ARTICLE{David2006,
  author = {David, O. and Kiebel, S.J. and Harrison, L.M. and Mattout, J. and
	Kilner, J.M. and Friston, K.J.},
  title = {{Dynamic causal modeling of evoked responses in EEG and MEG}},
  journal = {NeuroImage},
  year = {2006},
  volume = {30},
  pages = {1255--1272},
  number = {4},
  publisher = {Elsevier}
}

@ARTICLE{Deco2008,
  author = {Deco, G. and Jirsa, V.K. and Robinson, P.A. and Breakspear, M. and
	Friston, K.},
  title = {{The dynamic brain: From spiking neurons to neural masses and cortical
	fields}},
  journal = {PLoS Computational Biology},
  year = {2008},
  volume = {4},
  number = {8},
  publisher = {Public Library of Science}
}

@ARTICLE{Dewar2009,
  author = {Dewar, M. and Scerri, K. and Kadirkamanathan, V.},
  title = {{Data-driven spatio-temporal modeling using the integro-difference
	equation}},
  journal = {IEEE Transactions on Signal Processing},
  year = {2009},
  volume = {57},
  pages = {83--91},
  number = {1}
}

@BOOK{doucet2001,
  title = {{Sequential Monte Carlo methods in practice}},
  publisher = {Springer Verlag},
  year = {2001},
  author = {Doucet, A. and De Freitas, N. and Gordon, N.}
}

@ARTICLE{Freeman1987,
  author = {Freeman, W.J. and Baird, B.},
  title = {{Relation of olfactory EEG to behavior: spatial analysis}},
  journal = {Behavioral Neuroscience},
  year = {1987},
  volume = {101},
  pages = {393--408},
  number = {3},
  issn = {0735-7044},
  publisher = {American Psychological Association}
}

@ARTICLE{Freeman2000,
  author = {Freeman, W.J. and Rogers, L.J. and Holmes, M.D. and Silbergeld, D.L.},
  title = {{Spatial spectral analysis of human electrocorticograms including
	the alpha and gamma bands}},
  journal = {Journal of neuroscience methods},
  year = {2000},
  volume = {95},
  pages = {111--121},
  number = {2},
  issn = {0165-0270},
  publisher = {Elsevier}
}

@ARTICLE{Galka2008,
  author = {Galka, A. and Ozaki, T. and Muhle, H. and Stephani, U. and Siniatchkin,
	M.},
  title = {{A data-driven model of the generation of human EEG based on a spatially
	distributed stochastic wave equation}},
  journal = {Cognitive Neurodynamics},
  year = {2008},
  volume = {2},
  pages = {101--113},
  number = {2},
  issn = {1871-4080},
  publisher = {Springer}
}

@BOOK{Haykin2001,
  title = {{Kalman filtering and neural networks}},
  publisher = {Wiley Online Library},
  year = {2001},
  author = {Haykin, S.S.},
  isbn = {0471369985}
}

@ARTICLE{Hesse2003,
  author = {Hesse, W. and M{\"o}ller, E. and Arnold, M. and Schack, B.},
  title = {{The use of time-variant EEG Granger causality for inspecting directed
	interdependencies of neural assemblies}},
  journal = {Journal of Neuroscience Methods},
  year = {2003},
  volume = {124},
  pages = {27--44},
  number = {1},
  publisher = {Elsevier}
}

@ARTICLE{Hutt2005a,
  author = {Hutt, A. and Atay, F.M.},
  title = {{Analysis of nonlocal neural fields for both general and gamma-distributed
	connectivities}},
  journal = {Physica D: Nonlinear Phenomena},
  year = {2005},
  volume = {203},
  pages = {30--54},
  number = {1-2},
  publisher = {Elsevier}
}

@ARTICLE{Hutt2005,
  author = {Axel Hutt and Fatihcan M. Atay},
  title = {Analysis of nonlocal neural fields for both general and gamma-distributed
	connectivities},
  journal = {Physica D: Nonlinear Phenomena},
  year = {2005},
  volume = {203},
  pages = {30 - 54},
  number = {1-2}
}

@ARTICLE{Issa2000,
  author = {Issa, N.P. and Trepel, C. and Stryker, M.P.},
  title = {{Spatial frequency maps in cat visual cortex}},
  journal = {Journal of Neuroscience},
  year = {2000},
  volume = {20},
  pages = {8504},
  number = {22},
  publisher = {Soc Neuroscience}
}

@BOOK{Jackson1999,
  title = {Classical Electrodynamics, 3rd cd},
  publisher = {New York, John Willey \& Sons},
  year = {1999},
  author = {Jackson, J.D.},
  pages = {250}
}

@ARTICLE{Jansen1995,
  author = {Jansen, B.H. and Rit, V.G.},
  title = {{Electroencephalogram and visual evoked potential generation in a
	mathematical model of coupled cortical columns}},
  journal = {Biological Cybernetics},
  year = {1995},
  volume = {73},
  pages = {357--366},
  number = {4},
  publisher = {Springer}
}

@ARTICLE{Jirsa2009,
  author = {Jirsa, V.K.},
  title = {{Neural field dynamics with local and global connectivity and time
	delay}},
  journal = {Philosophical Transactions A},
  year = {2009},
  volume = {367},
  pages = {1131},
  number = {1891},
  publisher = {The Royal Society}
}

@ARTICLE{Jirsa2002,
  author = {Jirsa, V.K. and Jantzen, K.J. and Fuchs, A. and Kelso, J.A.S.},
  title = {{Spatiotemporal forward solution of the EEG and MEG using network
	modeling}},
  journal = {Medical Imaging, IEEE Transactions on},
  year = {2002},
  volume = {21},
  pages = {493--504},
  number = {5},
  issn = {0278-0062},
  publisher = {IEEE}
}

@CONFERENCE{Julier2002,
  author = {Julier, S.J.},
  title = {{The scaled unscented transformation}},
  booktitle = {American Control Conference, 2002. Proceedings of the 2002},
  year = {2002},
  volume = {6},
  pages = {4555--4559},
  organization = {IEEE},
  isbn = {0780372980},
  issn = {0743-1619}
}

@INPROCEEDINGS{Julier1997,
  author = {S. Julier and J. Uhlmann},
  title = {A new extension of the {K}alman filter to nonlinear systems},
  booktitle = {Int. Symp. Aerospace/Defense Sensing, Simul. and Controls, Orlando,
	FL},
  year = {1997},
  note = {unscented kalman filter}
}

@CONFERENCE{Julier2002a,
  author = {Julier, S.J. and Uhlmann, J.K. and Durrant-Whyte, H.F.},
  title = {{A new approach for filtering nonlinear systems}},
  booktitle = {American Control Conference, 1995. Proceedings of the},
  year = {2002},
  volume = {3},
  pages = {1628--1632},
  organization = {IEEE},
  isbn = {0780324455},
  owner = {parham},
  timestamp = {2011.01.03}
}

@BOOK{Kailath2000,
  title = {{Linear estimation}},
  publisher = {Prentice Hall Upper Saddle River, NJ},
  year = {2000},
  author = {Kailath, T. and Sayed, A.H. and Hassibi, B.},
  isbn = {0130224642}
}

@ARTICLE{Kaminski1991,
  author = {Kaminski, M.J. and Blinowska, K.J.},
  title = {{A new method of the description of the information flow in the brain
	structures}},
  journal = {Biological Cybernetics},
  year = {1991},
  volume = {65},
  pages = {203--210},
  number = {3},
  publisher = {Springer}
}

@ARTICLE{Liley1999,
  author = {Liley, D.T.J. and Alexander, D.M. and Wright, J.J. and Aldous, M.D.},
  title = {Alpha rhythm emerges from large-scale networks of realistically coupled
	multicompartmental model cortical neurons},
  journal = {Network: Computation in Neural Systems},
  year = {1999},
  volume = {10},
  pages = {79--92},
  number = {1},
  publisher = {Informa Pharma Science}
}

@BOOK{Ljung1999,
  title = {{System Identification--Theory for the user 2nd edition}},
  publisher = {Upper Saddle River, New Jersey: Prentice Hall},
  year = {1999},
  author = {Ljung, L.},
  owner = {parham},
  timestamp = {2011.01.05}
}

@BOOK{Ljung1985,
  title = {{System identification}},
  publisher = {Springer},
  year = {1985},
  author = {Ljung, L.},
  pages = {48--83},
  journal = {Uncertainty and Control}
}

@ARTICLE{DaSilva2003,
  author = {Lopes Da Silva, F.L. and Blanes, W. and Kalitzin, S.N. and Parra,
	J. and Suffczynski, P. and Velis, D.N.},
  title = {{Epilepsies as dynamical diseases of brain systems: Basic models
	of the transition between normal and epileptic activity}},
  journal = {Epilepsia},
  year = {2003},
  volume = {44},
  pages = {72},
  number = {12},
  publisher = {Copenhagen: E. Munksgaard}
}

@ARTICLE{LopesDaSilva1976,
  author = {Lopes Da Silva, FH and Van Rotterdam, A. and Barts, P. and Van Heusden,
	E. and Burr, W.},
  title = {{Models of neuronal populations: the basic mechanisms of rhythmicity}},
  journal = {Progress in brain research},
  year = {1976},
  volume = {45},
  pages = {281--308},
  issn = {0079-6123},
  publisher = {Elsevier}
}

@ARTICLE{Marreiros2008,
  author = {Marreiros, A.C. and Daunizeau, J. and Kiebel, S.J. and Friston, K.J.},
  title = {{Population dynamics: variance and the sigmoid activation function}},
  journal = {Neuroimage},
  year = {2008},
  volume = {42},
  pages = {147--157},
  number = {1},
  issn = {1053-8119},
  publisher = {Elsevier}
}

@ARTICLE{Marten2009,
  author = {Marten, F. and Rodrigues, S. and Suffczynski, P. and Richardson,
	M.P. and Terry, J.R.},
  title = {{Derivation and analysis of an ordinary differential equation mean-field
	model for studying clinically recorded epilepsy dynamics}},
  journal = {Physical Review E},
  year = {2009},
  volume = {79},
  pages = {21911},
  number = {2},
  publisher = {APS}
}

@ARTICLE{Merwe2003,
  author = {R. van der Merwe},
  title = {Sigma-Point Kalman Filters for Probabilistic Inference in Dynamic
	State-Space Models},
  year = {2003},
  text = {R. van der Merwe. Sigma-Point Kalman Filters for Probabilistic Inference
	in Dynamic State-Space Models. In Workshop on Advances in Machine
	Learning, Montreal, June 2003. http://www.iro. umontreal.ca/~kegl/CRMWorkshop/program.html.}
}

@ARTICLE{Moran2008,
  author = {Moran, R.J. and Stephan, K.E. and Kiebel, S.J. and Rombach, N. and
	O'Connor, W.T. and Murphy, K.J. and Reilly, R.B. and Friston, K.J.},
  title = {{Bayesian estimation of synaptic physiology from the spectral responses
	of neural masses}},
  journal = {NeuroImage},
  year = {2008},
  volume = {42},
  pages = {272--284},
  number = {1},
  publisher = {Elsevier}
}

@INCOLLECTION{Neal1998,
  author = {Neal, R.M. and Hinton, G.E.},
  title = {{A view of the EM algorithm that justifies incremental, sparse, and
	other variants}},
  booktitle = {Learning in graphical models},
  publisher = {Kluwer Academic Press},
  year = {1998},
  editor = {M. I. Jordan},
  pages = {355--368},
  owner = {parham},
  timestamp = {2011.01.07}
}

@ARTICLE{Nunez2000,
  author = {Nunez, P.L.},
  title = {{Toward a quantitative description of large-scale neocortical dynamic
	function and EEG}},
  journal = {Behavioral and Brain Sciences},
  year = {2000},
  volume = {23},
  pages = {371--398},
  number = {03},
  issn = {0140-525X},
  publisher = {Cambridge Univ Press}
}

@ARTICLE{Ozaki1994,
  author = {Ozaki, T.},
  title = {{The local linearization filter with application to nonlinear system
	identification}},
  year = {1994},
  pages = {217--240},
  booktitle = {Proceedings of the First US/Japan Conference on the Frontiers of
	Statistical Modeling: An Informational Approach, Boston, Kluwer Academic
	Publishers},
  owner = {parham},
  timestamp = {2011.01.05}
}

@ARTICLE{Ozaki1993,
  author = {Ozaki, T.},
  title = {{A local linearization approach to nonlinear filtering}},
  journal = {International Journal of Control},
  year = {1993},
  volume = {57},
  pages = {75--96},
  number = {1},
  issn = {0020-7179},
  publisher = {Taylor \& Francis}
}

@ARTICLE{Ozaki2000,
  author = {Ozaki, T. and Jimenez, JC and Haggan-Ozaki, V.},
  title = {{The role of the likelihood function in the estimation of chaos models}},
  journal = {Journal of Time Series Analysis},
  year = {2000},
  volume = {21},
  pages = {363--387},
  number = {4},
  issn = {1467-9892},
  publisher = {Wiley Online Library}
}

@ARTICLE{Peterson1962,
  author = {D.P. Peterson and D. Middleton},
  title = {Sampling and Reconstruction of Wave-Number-Limited Functions in N-Dimensional
	{E}uclidean Spaces},
  journal = {Information and Control},
  year = {1962},
  volume = {5},
  pages = {279-323},
  date-added = {2010-04-09 14:32:54 +0200},
  date-modified = {2010-04-09 14:33:06 +0200},
  keywords = {sampling theory,}
}

@ARTICLE{Pinotsis2011,
  author = {D.A. Pinotsis and K.J. Friston},
  title = {Neural fields, spectral responses and lateral connections},
  journal = {NeuroImage},
  year = {2011},
  volume = {55},
  pages = {39 - 48},
  number = {1},
  doi = {DOI: 10.1016/j.neuroimage.2010.11.081},
  issn = {1053-8119},
  keywords = {Neural field theory},
  url = {http://www.sciencedirect.com/science/article/pii/S1053811910015594}
}

@ARTICLE{Qubbaj2007,
  author = {Qubbaj, M.R. and Jirsa, V.K.},
  title = {{Neural field dynamics with heterogeneous connection topology}},
  journal = {Physical Review Letters},
  year = {2007},
  volume = {98},
  pages = {238102},
  number = {23},
  publisher = {APS}
}

@BOOK{Rasmussen2005,
  title = {{Gaussian Processes for Machine Learning (Adaptive Computation and
	Machine Learning)}},
  publisher = {The MIT Press, Cambridge MA},
  year = {2005},
  author = {Rasmussen, C.E. and Williams, C.K.I.}
}

@ARTICLE{RENNIE2000,
  author = {Rennie, C.J. and Wright, J.J. and Robinson, P.A.},
  title = {{Mechanisms of cortical electrical activity and emergence of gamma
	rhythm}},
  journal = {Journal of Theoretical Biology},
  year = {2000},
  volume = {205},
  pages = {17--35},
  number = {1},
  publisher = {Elsevier}
}

@ARTICLE{Robinson2004,
  author = {Robinson, P.A. and Rennie, C.J. and Rowe, D.L. and O'Connor, S.C.},
  title = {{Estimation of multiscale neurophysiologic parameters by electroencephalographic
	means}},
  journal = {Human brain mapping},
  year = {2004},
  volume = {23},
  pages = {53--72},
  number = {1},
  issn = {1097-0193},
  publisher = {Wiley Online Library}
}

@ARTICLE{Sameshima1999,
  author = {Sameshima, K. and Baccal{\'a}, L.A.},
  title = {{Using partial directed coherence to describe neuronal ensemble interactions}},
  journal = {Journal of Neuroscience Methods},
  year = {1999},
  volume = {94},
  pages = {93--103},
  number = {1},
  publisher = {Elsevier}
}

@ARTICLE{Sanner1992,
  author = {Sanner, R.M. and Slotine, J.J.E.},
  title = {{Gaussian networks for direct adaptive control}},
  journal = {IEEE Transactions on Neural Networks},
  year = {1992},
  volume = {3},
  pages = {837--863},
  number = {6}
}

@ARTICLE{Sarkka2010,
  author = {Sarkka, S.},
  title = {Continuous-time and continuous-discrete-time unscented Rauch-Tung-Striebel
	smoothers},
  journal = {Signal Processing},
  year = {2010},
  volume = {90},
  pages = {225 - 235},
  number = {1},
  keywords = {Unscented transformation}
}

@ARTICLE{Sato2000,
  author = {Sato, M. and Ishii, S.},
  title = {{On-line EM algorithm for the normalized Gaussian network}},
  journal = {Neural Computation},
  year = {2000},
  volume = {12},
  pages = {407--432},
  number = {2},
  issn = {0899-7667},
  publisher = {MIT Press}
}

@ARTICLE{Scerri2009,
  author = {Scerri, K. and Dewar, M. and Kadirkamanathan, V.},
  title = {{Estimation and model selection for an IDE-based spatio-temporal
	model}},
  journal = {IEEE Transactions on Signal Processing},
  year = {2009},
  volume = {57},
  pages = {482--492},
  number = {2}
}

@ARTICLE{schiff2008kalman,
  author = {Schiff, S.J. and Sauer, T.},
  title = {{Kalman filter control of a model of spatiotemporal cortical dynamics}},
  journal = {Journal Neural Engineering},
  year = {2008},
  volume = {5},
  pages = {1--8},
  publisher = {Citeseer}
}

@INPROCEEDINGS{Schiff2009,
  author = {Schiff, S. J.},
  title = {Kalman Meets Neuron: The Emerging Intersection of Control Theory
	with Neuroscience},
  booktitle = {Engineering in Medicine and Biology Society, 2009. EMBS 2009. 31st
	Annual International Conference of the IEEE},
  year = {2009},
  pages = {3318-3321},
  month = {Sept.}
}

@ARTICLE{Schmidt2009,
  author = {H. Schmidt and A. Hutt and L. Schimansky-Geier},
  title = {Wave fronts in inhomogeneous neural field models},
  journal = {Physica D: Nonlinear Phenomena},
  year = {2009},
  volume = {238},
  pages = {1101 - 1112},
  number = {14}
}

@ARTICLE{Suffczynski2004,
  author = {Suffczynski, P. and Kalitzin, S. and Lopes Da Silva, F.H.},
  title = {{Dynamics of non-convulsive epileptic phenomena modeled by a bistable
	neuronal network}},
  journal = {Neuroscience},
  year = {2004},
  volume = {126},
  pages = {467--484},
  number = {2},
  publisher = {Elsevier}
}

@ARTICLE{Sullivan2006,
  author = {Sullivan, T.J. and De Sa, V.R.},
  title = {{A model of surround suppression through cortical feedback}},
  journal = {Neural Networks},
  year = {2006},
  volume = {19},
  pages = {564--572},
  number = {5},
  publisher = {Elsevier}
}

@ARTICLE{Ullah2010,
  author = {Ullah, G. and Schiff, S.J.},
  title = {{Assimilating Seizure Dynamics}},
  journal = {PLoS Computational Biology},
  year = {2010},
  volume = {6},
  pages = {35--45},
  number = {5},
  issn = {1553-734X},
  owner = {dean},
  publisher = {Public Library of Science San Francisco, USA},
  timestamp = {2011.01.04}
}

@ARTICLE{Valdes1999,
  author = {Valdes, PA and Jimenez, JC and Riera, J. and Biscay, R. and Ozaki,
	T.},
  title = {{Nonlinear EEG analysis based on a neural mass model}},
  journal = {Biological cybernetics},
  year = {1999},
  volume = {81},
  pages = {415--424},
  number = {5},
  issn = {0340-1200},
  publisher = {Springer}
}

@ARTICLE{Wendling2005,
  author = {Wendling, F. and Hernandez, A. and Bellanger, J.J. and Chauvel, P.
	and Bartolomei, F.},
  title = {{Interictal to ictal transition in human temporal lobe epilepsy:
	Insights from a computational model of intracerebral EEG}},
  journal = {Journal of Clinical Neurophysiology},
  year = {2005},
  volume = {22},
  pages = {343},
  number = {5},
  publisher = {inserm}
}

@ARTICLE{Wilson1973,
  author = {Wilson, H.R. and Cowan, J.D.},
  title = {{A mathematical theory of the functional dynamics of cortical and
	thalamic nervous tissue}},
  journal = {Biological Cybernetics},
  year = {1973},
  volume = {13},
  pages = {55--80},
  number = {2},
  publisher = {Springer}
}

@ARTICLE{Zetterberg1978,
  author = {Zetterberg, LH and Kristiansson, L. and Mossberg, K.},
  title = {{Performance of a model for a local neuron population}},
  journal = {Biological cybernetics},
  year = {1978},
  volume = {31},
  pages = {15--26},
  number = {1},
  issn = {0340-1200},
  publisher = {Springer}
}

@ARTICLE{Knock2009,
  title = {The effects of physiologically plausible connectivity structure on
	local and global dynamics in large scale brain models},
  journal = {Journal of Neuroscience Methods},
  year = {2009},
  volume = {183},
  pages = {86 - 94},
  number = {1}
}

@comment{jabref-meta: selector_publisher:}

@comment{jabref-meta: selector_author:}

@comment{jabref-meta: selector_journal:}

@comment{jabref-meta: selector_keywords:}

