% This file was created with JabRef 2.3.1.
% Encoding: ISO8859_1

@ARTICLE{Atay2005,
  author = {Atay, F.M. and Hutt, A.},
  title = {Stability and bifurcations in neural fields with finite propagation
	speed and general connectivity},
  journal = {SIAM Journal on Applied Mathematics},
  year = {2005},
  volume = {65},
  pages = {644--666},
  number = {2},
  publisher = {Citeseer}
}

@comment{jabref-meta: selector_publisher:}

@comment{jabref-meta: selector_author:}

@comment{jabref-meta: selector_journal:}

@comment{jabref-meta: selector_keywords:}

