% This file was created with JabRef 2.3.1.
% Encoding: ISO8859_1

@ARTICLE{Atay2005,
  author = {Atay, F.M. and Hutt, A.},
  title = {{Stability and bifurcations in neural fields with finite propagation
	speed and general connectivity}},
  journal = {SIAM Journal on Applied Mathematics},
  year = {2005},
  volume = {65},
  pages = {644--666},
  number = {2},
  publisher = {Citeseer}
}

@BOOK{Braitenberg1998,
  title = {Cortex: statistics and geometry of neuronal connectivity},
  publisher = {Springer Berlin},
  year = {1998},
  author = {Braitenberg, V. and Sch\"{u}z, A.}
}

@ARTICLE{DaSilva2003,
  author = {Da Silva, F.L. and Blanes, W. and Kalitzin, S.N. and Parra, J. and
	Suffczynski, P. and Velis, D.N.},
  title = {{Epilepsies as dynamical diseases of brain systems: basic models
	of the transition between normal and epileptic activity}},
  journal = {Epilepsia},
  year = {2003},
  volume = {44},
  pages = {72},
  number = {12},
  publisher = {Copenhagen: E. Munksgaard}
}

@ARTICLE{David2003,
  author = {David, O. and Friston, K.J.},
  title = {{A neural mass model for MEG/EEG: coupling and neuronal dynamics}},
  journal = {NeuroImage},
  year = {2003},
  volume = {20},
  pages = {1743--1755},
  number = {3},
  publisher = {Elsevier}
}

@ARTICLE{Deco2008,
  author = {Deco, G. and Jirsa, V.K. and Robinson, P.A. and Breakspear, M. and
	Friston, K.},
  title = {{The dynamic brain: From spiking neurons to neural masses and cortical
	fields}},
  journal = {PLoS Computational Biology},
  year = {2008},
  volume = {4},
  number = {8},
  publisher = {Public Library of Science}
}

@ARTICLE{Dewar2009,
  author = {Dewar, M. and Scerri, K. and Kadirkamanathan, V.},
  title = {{Data-Driven Spatio-Temporal Modeling Using the Integro-Difference
	Equation}},
  journal = {IEEE Transactions on Signal Processing},
  year = {2009},
  volume = {57},
  pages = {83--91},
  number = {1}
}

@BOOK{doucet2001,
  title = {{Sequential Monte Carlo methods in practice}},
  publisher = {Springer Verlag},
  year = {2001},
  author = {Doucet, A. and De Freitas, N. and Gordon, N.}
}

@ARTICLE{Hesse2003,
  author = {Hesse, W. and M{\\"o}ller, E. and Arnold, M. and Schack, B.},
  title = {{The use of time-variant EEG Granger causality for inspecting directed
	interdependencies of neural assemblies}},
  journal = {Journal of Neuroscience Methods},
  year = {2003},
  volume = {124},
  pages = {27--44},
  number = {1},
  publisher = {Elsevier}
}

@ARTICLE{Hutt2005a,
  author = {Hutt, A. and Atay, F.M.},
  title = {{Analysis of nonlocal neural fields for both general and gamma-distributed
	connectivities}},
  journal = {Physica D: Nonlinear Phenomena},
  year = {2005},
  volume = {203},
  pages = {30--54},
  number = {1-2},
  publisher = {Elsevier}
}

@ARTICLE{Hutt2005,
  author = {Axel Hutt and Fatihcan M. Atay},
  title = {Analysis of nonlocal neural fields for both general and gamma-distributed
	connectivities},
  journal = {Physica D: Nonlinear Phenomena},
  year = {2005},
  volume = {203},
  pages = {30 - 54},
  number = {1-2}
}

@ARTICLE{Jansen1995,
  author = {Jansen, B.H. and Rit, V.G.},
  title = {{Electroencephalogram and visual evoked potential generation in a
	mathematical model of coupled cortical columns}},
  journal = {Biological Cybernetics},
  year = {1995},
  volume = {73},
  pages = {357--366},
  number = {4},
  publisher = {Springer}
}

@ARTICLE{Jirsa2009,
  author = {Jirsa, V.K.},
  title = {{Neural field dynamics with local and global connectivity and time
	delay}},
  journal = {Philosophical Transactions A},
  year = {2009},
  volume = {367},
  pages = {1131},
  number = {1891},
  publisher = {The Royal Society}
}

@INPROCEEDINGS{Julier1997,
  author = {S. Julier and J. Uhlmann},
  title = {A new extension of the Kalman filter to nonlinear systems},
  booktitle = {Int. Symp. Aerospace/Defense Sensing, Simul. and Controls, Orlando,
	FL},
  year = {1997},
  note = {unscented kalman filter},
  file = {:A new extension of the kalman filter to nonlinearsystem.pdf:PDF}
}

@ARTICLE{Kaminski1991,
  author = {Kaminski, M.J. and Blinowska, K.J.},
  title = {{A new method of the description of the information flow in the brain
	structures}},
  journal = {Biological Cybernetics},
  year = {1991},
  volume = {65},
  pages = {203--210},
  number = {3},
  publisher = {Springer}
}

@ARTICLE{Liley1999,
  author = {Liley, D.T.J. and Alexander, D.M. and Wright, J.J. and Aldous, M.D.},
  title = {Alpha rhythm emerges from large-scale networks of realistically coupled
	multicompartmental model cortical neurons},
  journal = {Network: Computation in Neural Systems},
  year = {1999},
  volume = {10},
  pages = {79--92},
  number = {1},
  publisher = {Informa Pharma Science}
}

@ARTICLE{Moran2008,
  author = {Moran, RJ and Stephan, KE and Kiebel, SJ and Rombach, N. and O'Connor,
	WT and Murphy, KJ and Reilly, RB and Friston, KJ},
  title = {{Bayesian estimation of synaptic physiology from the spectral responses
	of neural masses}},
  journal = {NeuroImage},
  year = {2008},
  volume = {42},
  pages = {272--284},
  number = {1},
  publisher = {Elsevier}
}

@ARTICLE{Peterson1962,
  author = {D.P. Peterson and D. Middleton},
  title = {Sampling and Reconstruction of Wave-Number-Limited Functions in N-Dimensional
	{E}uclidean Spaces},
  journal = {Information and Control},
  year = {1962},
  volume = {5},
  pages = {279-323},
  date-added = {2010-04-09 14:32:54 +0200},
  date-modified = {2010-04-09 14:33:06 +0200},
  keywords = {sampling theory,}
}

@ARTICLE{Qubbaj2007,
  author = {Qubbaj, M.R. and Jirsa, V.K.},
  title = {{Neural field dynamics with heterogeneous connection topology}},
  journal = {Physical review letters},
  year = {2007},
  volume = {98},
  pages = {238102},
  number = {23},
  publisher = {APS}
}

@ARTICLE{RENNIE2000,
  author = {Rennie, C.J. and Wright, J.J. and Robinson, P.A.},
  title = {{Mechanisms of cortical electrical activity and emergence of gamma
	rhythm}},
  journal = {Journal of Theoretical Biology},
  year = {2000},
  volume = {205},
  pages = {17--35},
  number = {1},
  publisher = {Elsevier}
}

@ARTICLE{Sameshima1999,
  author = {Sameshima, K. and Baccal{\'a}, L.A.},
  title = {{Using partial directed coherence to describe neuronal ensemble interactions}},
  journal = {Journal of neuroscience methods},
  year = {1999},
  volume = {94},
  pages = {93--103},
  number = {1},
  publisher = {Elsevier}
}

@ARTICLE{Sanner1992,
  author = {R.M. Sanner and J.-J. E. Slotine},
  title = {Gaussian Networks for Direct Adaptive Control},
  journal = {IEEE Transactions on Neural Networks},
  year = {1992},
  volume = {3},
  number = {6},
  date-added = {2010-04-09 14:31:57 +0200},
  date-modified = {2010-04-09 14:32:33 +0200},
  keywords = {neural networks, radial basis functions, control, spectral decomposition,
	sampling theory}
}

@ARTICLE{Sarkka2010,
  author = {Simo Sarkka},
  title = {Continuous-time and continuous-discrete-time unscented Rauch-Tung-Striebel
	smoothers},
  journal = {Signal Processing},
  year = {2010},
  volume = {90},
  pages = {225 - 235},
  number = {1},
  file = {:Continuous-time and continuous-discrete-time unscented Rauch-Tung-Striebel
	smoothers.pdf:Acroread},
  keywords = {Unscented transformation}
}

@ARTICLE{Scerri2009,
  author = {Scerri, K. and Dewar, M. and Kadirkamanathan, V.},
  title = {{Estimation and Model Selection for an IDE-Based Spatio-Temporal
	Model}},
  journal = {IEEE Transactions on Signal Processing},
  year = {2009},
  volume = {57},
  pages = {482--492},
  number = {2}
}

@ARTICLE{schiff2008kalman,
  author = {Schiff, S.J. and Sauer, T.},
  title = {{Kalman filter control of a model of spatiotemporal cortical dynamics}},
  journal = {J. Neural Eng},
  year = {2008},
  volume = {5},
  pages = {1--8},
  publisher = {Citeseer}
}

@INPROCEEDINGS{Schiff2009,
  author = {Schiff, S. J.},
  title = {Kalman Meets Neuron: The Emerging Intersection of Control Theory
	with Neuroscience},
  booktitle = {Engineering in Medicine and Biology Society, 2009. EMBS 2009. 31st
	Annual International Conference of the IEEE},
  year = {2009},
  pages = {3318-3321},
  month = {Sept.}
}

@ARTICLE{Schmidt2009,
  author = {H. Schmidt and A. Hutt and L. Schimansky-Geier},
  title = {Wave fronts in inhomogeneous neural field models},
  journal = {Physica D: Nonlinear Phenomena},
  year = {2009},
  volume = {238},
  pages = {1101 - 1112},
  number = {14}
}

@ARTICLE{Suffczynski2004,
  author = {Suffczynski, P. and Kalitzin, S. and Lopes Da Silva, F.H.},
  title = {{Dynamics of non-convulsive epileptic phenomena modeled by a bistable
	neuronal network}},
  journal = {Neuroscience},
  year = {2004},
  volume = {126},
  pages = {467--484},
  number = {2},
  publisher = {Elsevier}
}

@ARTICLE{Sullivan2006,
  author = {Sullivan, T.J. and De Sa, V.R.},
  title = {{A model of surround suppression through cortical feedback}},
  journal = {Neural Networks},
  year = {2006},
  volume = {19},
  pages = {564--572},
  number = {5},
  publisher = {Elsevier}
}

@ARTICLE{Wendling2005,
  author = {Wendling, F. and Hernandez, A. and Bellanger, J.J. and Chauvel, P.
	and Bartolomei, F.},
  title = {{Interictal to ictal transition in human temporal lobe epilepsy:
	insights from a computational model of intracerebral EEG}},
  journal = {Journal of Clinical Neurophysiology},
  year = {2005},
  volume = {22},
  pages = {343},
  number = {5},
  publisher = {inserm}
}

@ARTICLE{Wilson1973,
  author = {Wilson, HR and Cowan, JD},
  title = {{A mathematical theory of the functional dynamics of cortical and
	thalamic nervous tissue}},
  journal = {Biological Cybernetics},
  year = {1973},
  volume = {13},
  pages = {55--80},
  number = {2},
  publisher = {Springer}
}

@BOOK{Haykin2001,
  title = {Kalman Filtering and neural networks},
  publisher = {John Wiley \& Sons, INC},
  year = {2001},
  editor = {Simon Haykin},
  owner = {parham},
  timestamp = {2010.01.27}
}

@ARTICLE{Knock2009,
  title = {The effects of physiologically plausible connectivity structure on
	local and global dynamics in large scale brain models},
  journal = {Journal of Neuroscience Methods},
  year = {2009},
  volume = {183},
  pages = {86 - 94},
  number = {1}
}

@ARTICLE{David2006,
  title = {Dynamic causal modeling of evoked responses in EEG and MEG},
  journal = {NeuroImage},
  year = {2006},
  volume = {30},
  pages = {1255 - 1272},
  number = {4}
}

@comment{jabref-meta: selector_publisher:}

@comment{jabref-meta: selector_author:}

@comment{jabref-meta: selector_journal:}

@comment{jabref-meta: selector_keywords:}

