%% This BibTeX bibliography file was created using BibDesk.
%% http://bibdesk.sourceforge.net/


%% Created for ken at 2010-04-09 14:43:28 +0200 


%% Saved with string encoding Unicode (UTF-8) 


@comment{jabref-meta: selector_publisher:}
@comment{jabref-meta: selector_author:}
@comment{jabref-meta: selector_journal:}
@comment{jabref-meta: selector_keywords:}



@article{Peterson1962,
	Author = {D.P. Peterson and D. Middleton},
	Date-Added = {2010-04-09 14:32:54 +0200},
	Date-Modified = {2010-04-09 14:33:06 +0200},
	Journal = {Information and Control},
	Keywords = {sampling theory,},
	Pages = {279-323},
	Title = {Sampling and Reconstruction of Wave-Number-Limited Functions in N-Dimensional {E}uclidean Spaces},
	Volume = {5},
	Year = {1962}}

@article{Sanner1992,
	Author = {R.M. Sanner and J.-J. E. Slotine},
	Date-Added = {2010-04-09 14:31:57 +0200},
	Date-Modified = {2010-04-09 14:32:33 +0200},
	Journal = {IEEE Transactions on Neural Networks},
	Keywords = {neural networks, radial basis functions, control, spectral decomposition, sampling theory},
	Number = {6},
	Title = {Gaussian Networks for Direct Adaptive Control},
	Volume = {3},
	Year = {1992}}

@article{Atay2005,
	Author = {Atay, F.M. and Hutt, A.},
	Journal = {SIAM Journal on Applied Mathematics},
	Number = {2},
	Pages = {644--666},
	Publisher = {Citeseer},
	Title = {{Stability and bifurcations in neural fields with finite propagation speed and general connectivity}},
	Volume = {65},
	Year = {2005}}

@book{Braitenberg1998,
	Author = {Braitenberg, V. and Sch\"{u}z, A.},
	Publisher = {Springer Berlin},
	Title = {Cortex: statistics and geometry of neuronal connectivity},
	Year = {1998}}

@article{DaSilva2003,
	Author = {Da Silva, F.L. and Blanes, W. and Kalitzin, S.N. and Parra, J. and Suffczynski, P. and Velis, D.N.},
	Journal = {Epilepsia},
	Number = {12},
	Pages = {72},
	Publisher = {Copenhagen: E. Munksgaard},
	Title = {{Epilepsies as dynamical diseases of brain systems: basic models of the transition between normal and epileptic activity}},
	Volume = {44},
	Year = {2003}}

@article{David2003,
	Author = {David, O. and Friston, K.J.},
	Journal = {NeuroImage},
	Number = {3},
	Pages = {1743--1755},
	Publisher = {Elsevier},
	Title = {{A neural mass model for MEG/EEG: coupling and neuronal dynamics}},
	Volume = {20},
	Year = {2003}}

@article{David2006,
	Journal = {NeuroImage},
	Number = {4},
	Pages = {1255 - 1272},
	Title = {Dynamic causal modeling of evoked responses in EEG and MEG},
	Volume = {30},
	Year = {2006}}

@article{Deco2008,
	Author = {Deco, G. and Jirsa, V.K. and Robinson, P.A. and Breakspear, M. and Friston, K.},
	Journal = {PLoS Computational Biology},
	Number = {8},
	Publisher = {Public Library of Science},
	Title = {{The dynamic brain: From spiking neurons to neural masses and cortical fields}},
	Volume = {4},
	Year = {2008}}

@article{Dewar2009,
	Author = {Dewar, M. and Scerri, K. and Kadirkamanathan, V.},
	Journal = {IEEE Transactions on Signal Processing},
	Number = {1},
	Pages = {83--91},
	Title = {{Data-Driven Spatio-Temporal Modeling Using the Integro-Difference Equation}},
	Volume = {57},
	Year = {2009}}

@article{Hesse2003,
	Author = {Hesse, W. and M{\\"o}ller, E. and Arnold, M. and Schack, B.},
	Journal = {Journal of Neuroscience Methods},
	Number = {1},
	Pages = {27--44},
	Publisher = {Elsevier},
	Title = {{The use of time-variant EEG Granger causality for inspecting directed interdependencies of neural assemblies}},
	Volume = {124},
	Year = {2003}}

@article{Hutt2005a,
	Author = {Hutt, A. and Atay, F.M.},
	Journal = {Physica D: Nonlinear Phenomena},
	Number = {1-2},
	Pages = {30--54},
	Publisher = {Elsevier},
	Title = {{Analysis of nonlocal neural fields for both general and gamma-distributed connectivities}},
	Volume = {203},
	Year = {2005}}

@article{Hutt2005,
	Author = {Axel Hutt and Fatihcan M. Atay},
	Journal = {Physica D: Nonlinear Phenomena},
	Number = {1-2},
	Pages = {30 - 54},
	Title = {Analysis of nonlocal neural fields for both general and gamma-distributed connectivities},
	Volume = {203},
	Year = {2005}}

@article{Jansen1995,
	Author = {Jansen, B.H. and Rit, V.G.},
	Journal = {Biological Cybernetics},
	Number = {4},
	Pages = {357--366},
	Publisher = {Springer},
	Title = {{Electroencephalogram and visual evoked potential generation in a mathematical model of coupled cortical columns}},
	Volume = {73},
	Year = {1995}}

@article{Jirsa2009,
	Author = {Jirsa, V.K.},
	Journal = {Philosophical Transactions A},
	Number = {1891},
	Pages = {1131},
	Publisher = {The Royal Society},
	Title = {{Neural field dynamics with local and global connectivity and time delay}},
	Volume = {367},
	Year = {2009}}

@article{Kaminski1991,
	Author = {Kaminski, M.J. and Blinowska, K.J.},
	Journal = {Biological Cybernetics},
	Number = {3},
	Pages = {203--210},
	Publisher = {Springer},
	Title = {{A new method of the description of the information flow in the brain structures}},
	Volume = {65},
	Year = {1991}}

@article{Knock2009,
	Journal = {Journal of Neuroscience Methods},
	Number = {1},
	Pages = {86 - 94},
	Title = {The effects of physiologically plausible connectivity structure on local and global dynamics in large scale brain models},
	Volume = {183},
	Year = {2009}}

@article{Liley1999,
	Author = {Liley, D.T.J. and Alexander, D.M. and Wright, J.J. and Aldous, M.D.},
	Journal = {Network: Computation in Neural Systems},
	Number = {1},
	Pages = {79--92},
	Publisher = {Informa Pharma Science},
	Title = {Alpha rhythm emerges from large-scale networks of realistically coupled multicompartmental model cortical neurons},
	Volume = {10},
	Year = {1999}}

@article{Moran2008,
	Author = {Moran, RJ and Stephan, KE and Kiebel, SJ and Rombach, N. and O'Connor, WT and Murphy, KJ and Reilly, RB and Friston, KJ},
	Journal = {NeuroImage},
	Number = {1},
	Pages = {272--284},
	Publisher = {Elsevier},
	Title = {{Bayesian estimation of synaptic physiology from the spectral responses of neural masses}},
	Volume = {42},
	Year = {2008}}

@article{Qubbaj2007,
	Author = {Qubbaj, M.R. and Jirsa, V.K.},
	Journal = {Physical review letters},
	Number = {23},
	Pages = {238102},
	Publisher = {APS},
	Title = {{Neural field dynamics with heterogeneous connection topology}},
	Volume = {98},
	Year = {2007}}

@article{RENNIE2000,
	Author = {Rennie, C.J. and Wright, J.J. and Robinson, P.A.},
	Journal = {Journal of Theoretical Biology},
	Number = {1},
	Pages = {17--35},
	Publisher = {Elsevier},
	Title = {{Mechanisms of cortical electrical activity and emergence of gamma rhythm}},
	Volume = {205},
	Year = {2000}}

@article{Sameshima1999,
	Author = {Sameshima, K. and Baccal{\'a}, L.A.},
	Journal = {Journal of neuroscience methods},
	Number = {1},
	Pages = {93--103},
	Publisher = {Elsevier},
	Title = {{Using partial directed coherence to describe neuronal ensemble interactions}},
	Volume = {94},
	Year = {1999}}

@article{Scerri2009,
	Author = {Scerri, K. and Dewar, M. and Kadirkamanathan, V.},
	Journal = {IEEE Transactions on Signal Processing},
	Number = {2},
	Pages = {482--492},
	Title = {{Estimation and Model Selection for an IDE-Based Spatio-Temporal Model}},
	Volume = {57},
	Year = {2009}}

@article{schiff2008kalman,
	Author = {Schiff, S.J. and Sauer, T.},
	Journal = {J. Neural Eng},
	Pages = {1--8},
	Publisher = {Citeseer},
	Title = {{Kalman filter control of a model of spatiotemporal cortical dynamics}},
	Volume = {5},
	Year = {2008}}

@inproceedings{Schiff2009,
	Author = {Schiff, S. J.},
	Booktitle = {Engineering in Medicine and Biology Society, 2009. EMBS 2009. 31st Annual International Conference of the IEEE},
	Month = {Sept.},
	Pages = {3318-3321},
	Title = {Kalman Meets Neuron: The Emerging Intersection of Control Theory with Neuroscience},
	Year = {2009}}

@article{Schmidt2009,
	Author = {H. Schmidt and A. Hutt and L. Schimansky-Geier},
	Journal = {Physica D: Nonlinear Phenomena},
	Number = {14},
	Pages = {1101 - 1112},
	Title = {Wave fronts in inhomogeneous neural field models},
	Volume = {238},
	Year = {2009}}

@article{Suffczynski2004,
	Author = {Suffczynski, P. and Kalitzin, S. and Lopes Da Silva, F.H.},
	Journal = {Neuroscience},
	Number = {2},
	Pages = {467--484},
	Publisher = {Elsevier},
	Title = {{Dynamics of non-convulsive epileptic phenomena modeled by a bistable neuronal network}},
	Volume = {126},
	Year = {2004}}

@article{Sullivan2006,
	Author = {Sullivan, T.J. and De Sa, V.R.},
	Journal = {Neural Networks},
	Number = {5},
	Pages = {564--572},
	Publisher = {Elsevier},
	Title = {{A model of surround suppression through cortical feedback}},
	Volume = {19},
	Year = {2006}}

@article{Wendling2005,
	Author = {Wendling, F. and Hernandez, A. and Bellanger, J.J. and Chauvel, P. and Bartolomei, F.},
	Journal = {Journal of Clinical Neurophysiology},
	Number = {5},
	Pages = {343},
	Publisher = {inserm},
	Title = {{Interictal to ictal transition in human temporal lobe epilepsy: insights from a computational model of intracerebral EEG}},
	Volume = {22},
	Year = {2005}}

@article{Wilson1973,
	Author = {Wilson, HR and Cowan, JD},
	Journal = {Biological Cybernetics},
	Number = {2},
	Pages = {55--80},
	Publisher = {Springer},
	Title = {{A mathematical theory of the functional dynamics of cortical and thalamic nervous tissue}},
	Volume = {13},
	Year = {1973}}
