% This file was created with JabRef 2.5.
% Encoding: ISO8859_1

@ARTICLE{Amari1977,
  author = {Amari, S.},
  title = {{Dynamics of pattern formation in lateral-inhibition type neural
	fields}},
  journal = {Biological Cybernetics},
  year = {1977},
  volume = {27},
  pages = {77-87},
  number = {2},
  publisher = {Springer}
}

@BOOK{Arsac1966,
  title = {Fourier transforms and the theory of distributions},
  publisher = {Prentice Hall},
  year = {1966},
  author = {Arsac, J. and Nussbaum, A.}
}

@ARTICLE{Assaf2008,
  author = {Assaf, Y. and Pasternak, O.},
  title = {{Diffusion tensor imaging (DTI)-based white matter mapping in brain
	research: A review}},
  journal = {Journal of Molecular Neuroscience},
  year = {2008},
  volume = {34},
  pages = {51--61},
  number = {1},
  publisher = {Springer}
}

@ARTICLE{Atay2005,
  author = {Atay, F.M. and Hutt, A.},
  title = {{Stability and bifurcations in neural fields with finite propagation
	speed and general connectivity}},
  journal = {SIAM Journal on Applied Mathematics},
  year = {2005},
  volume = {65},
  pages = {644--666},
  number = {2},
  publisher = {Citeseer}
}

@BOOK{Bracewell2000,
  title = {{The Fourier transform and its applications}},
  publisher = {McGraw-Hill},
  year = {2000},
  author = {Bracewell, R.N.},
  edition = {3}
}

@BOOK{Braitenberg1998,
  title = {Cortex: statistics and geometry of neuronal connectivity},
  publisher = {Springer Berlin},
  year = {1998},
  author = {Braitenberg, V. and Sch\"{u}z, A.}
}

@ARTICLE{Breakspear2006,
  author = {Breakspear, M. and Roberts, JA and Terry, JR and Rodrigues, S. and
	Mahant, N. and Robinson, PA},
  title = {{A unifying explanation of primary generalized seizures through nonlinear
	brain modeling and bifurcation analysis}},
  journal = {Cerebral Cortex},
  year = {2006},
  volume = {16},
  pages = {1296},
  number = {9},
  publisher = {Oxford Univ Press}
}

@ARTICLE{Bressloff2001,
  author = {Bressloff, P.C. and Cowan, J.D. and Golubitsky, M. and Thomas, P.J.
	and Wiener, M.C.},
  title = {{Geometric visual hallucinations, Euclidean symmetry and the functional
	architecture of striate cortex}},
  journal = {Philosophical Transactions B},
  year = {2001},
  volume = {356},
  pages = {299},
  number = {1407},
  publisher = {The Royal Society}
}

@ARTICLE{Brinkmann2009,
  author = {Brinkmann, B.H. and Bower, M.R. and Stengel, K.A. and Worrell, G.A.
	and Stead, M.},
  title = {{Large-scale electrophysiology: acquisition, compression, encryption,
	and storage of big data}},
  journal = {Journal of Neuroscience Methods},
  year = {2009},
  volume = {180},
  pages = {185--192},
  number = {1},
  publisher = {Elsevier}
}

@ARTICLE{Coombes2005,
  author = {Coombes, S.},
  title = {{Waves, bumps, and patterns in neural field theories}},
  journal = {Biological Cybernetics},
  year = {2005},
  volume = {93},
  pages = {91--108},
  number = {2},
  publisher = {Springer}
}

@ARTICLE{Coombes2007,
  author = {Coombes, S. and Venkov, N. A. and Shiau, L. and Bojak, I. and Liley,
	D. T. J. and Laing, C. R.},
  title = {Modeling electrocortical activity through improved local approximations
	of integral neural field equations},
  journal = {Physical Review E},
  year = {2007},
  volume = {76},
  pages = {051901},
  number = {5},
  month = {Nov},
  numpages = {8},
  publisher = {American Physical Society}
}

@ARTICLE{Coope1994,
  author = {Coope, ID},
  title = {{On matrix trace inequalities and related topics for products of
	Hermitian matrices}},
  journal = {Journal of mathematical analysis and applications},
  year = {1994},
  volume = {188},
  pages = {999--1001},
  number = {3},
  issn = {0022-247X},
  publisher = {Elsevier}
}

@ARTICLE{David2003,
  author = {David, O. and Friston, K.J.},
  title = {{A neural mass model for MEG/EEG: coupling and neuronal dynamics}},
  journal = {NeuroImage},
  year = {2003},
  volume = {20},
  pages = {1743--1755},
  number = {3},
  publisher = {Elsevier}
}

@ARTICLE{David2006,
  author = {David, O. and Kiebel, S.J. and Harrison, L.M. and Mattout, J. and
	Kilner, J.M. and Friston, K.J.},
  title = {{Dynamic causal modeling of evoked responses in EEG and MEG}},
  journal = {NeuroImage},
  year = {2006},
  volume = {30},
  pages = {1255--1272},
  number = {4},
  publisher = {Elsevier}
}

@ARTICLE{Deco2008,
  author = {Deco, G. and Jirsa, V.K. and Robinson, P.A. and Breakspear, M. and
	Friston, K.},
  title = {{The dynamic brain: From spiking neurons to neural masses and cortical
	fields}},
  journal = {PLoS Computational Biology},
  year = {2008},
  volume = {4},
  number = {8},
  publisher = {Public Library of Science}
}

@ARTICLE{Dempster1977,
  author = {Dempster, A. P. and Laird, N. M. and Rubin, D. B.},
  title = {Maximum Likelihood from Incomplete Data via the {EM} Algorithm},
  journal = {J, Roy. Statist., Ser. B},
  year = {1977},
  volume = {39},
  pages = {1--38},
  number = {1},
  copyright = {Copyright © 1977 Royal Statistical Society},
  issn = {00359246},
  jstor_articletype = {primary_article},
  jstor_formatteddate = {1977},
  owner = {parham},
  publisher = {Blackwell Publishing for the Royal Statistical Society},
  timestamp = {2011.02.11}
}

@ARTICLE{Dewar2009,
  author = {Dewar, M. and Scerri, K. and Kadirkamanathan, V.},
  title = {{Data-driven spatio-temporal modeling using the integro-difference
	equation}},
  journal = {IEEE Transactions on Signal Processing},
  year = {2009},
  volume = {57},
  pages = {83--91},
  number = {1}
}

@BOOK{doucet2001,
  title = {{Sequential Monte Carlo methods in practice}},
  publisher = {Springer Verlag},
  year = {2001},
  author = {Doucet, A. and De Freitas, N. and Gordon, N.}
}

@ARTICLE{Gibsona2005,
  author = {Stuart Gibson and Brett Ninness},
  title = {Robust maximum-likelihood estimation of multivariable dynamic systems},
  journal = {Automatica},
  year = {2005},
  volume = {41},
  pages = {1667--1682},
  number = {10},
  month = {Oct.},
  owner = {parham},
  timestamp = {2008.07.03}
}

@BOOK{Golub1996,
  title = {{Matrix computations}},
  publisher = {Johns Hopkins Univ Pr},
  year = {1996},
  author = {Golub, G.H. and Van Loan, C.F.},
  isbn = {0801854148}
}

@ARTICLE{Hesse2003,
  author = {Hesse, W. and M{\"o}ller, E. and Arnold, M. and Schack, B.},
  title = {{The use of time-variant EEG Granger causality for inspecting directed
	interdependencies of neural assemblies}},
  journal = {Journal of Neuroscience Methods},
  year = {2003},
  volume = {124},
  pages = {27--44},
  number = {1},
  publisher = {Elsevier}
}

@BOOK{Horn2005,
  title = {{Matrix analysis}},
  publisher = {Cambridge university press},
  year = {2005},
  author = {Horn, R.A. and Johnson, C.R.},
  isbn = {0521386322}
}

@ARTICLE{Hutt2005a,
  author = {Hutt, A. and Atay, F.M.},
  title = {{Analysis of nonlocal neural fields for both general and gamma-distributed
	connectivities}},
  journal = {Physica D: Nonlinear Phenomena},
  year = {2005},
  volume = {203},
  pages = {30--54},
  number = {1-2},
  publisher = {Elsevier}
}

@ARTICLE{Hutt2005,
  author = {Axel Hutt and Fatihcan M. Atay},
  title = {Analysis of nonlocal neural fields for both general and gamma-distributed
	connectivities},
  journal = {Physica D: Nonlinear Phenomena},
  year = {2005},
  volume = {203},
  pages = {30 - 54},
  number = {1-2}
}

@ARTICLE{Issa2000,
  author = {Issa, N.P. and Trepel, C. and Stryker, M.P.},
  title = {{Spatial frequency maps in cat visual cortex}},
  journal = {Journal of Neuroscience},
  year = {2000},
  volume = {20},
  pages = {8504},
  number = {22},
  publisher = {Soc Neuroscience}
}

@ARTICLE{Jansen1995,
  author = {Jansen, B.H. and Rit, V.G.},
  title = {{Electroencephalogram and visual evoked potential generation in a
	mathematical model of coupled cortical columns}},
  journal = {Biological Cybernetics},
  year = {1995},
  volume = {73},
  pages = {357--366},
  number = {4},
  publisher = {Springer}
}

@ARTICLE{Jirsa2009,
  author = {Jirsa, V.K.},
  title = {{Neural field dynamics with local and global connectivity and time
	delay}},
  journal = {Philosophical Transactions A},
  year = {2009},
  volume = {367},
  pages = {1131},
  number = {1891},
  publisher = {The Royal Society}
}

@INPROCEEDINGS{Julier1997,
  author = {S. Julier and J. Uhlmann},
  title = {A new extension of the {K}alman filter to nonlinear systems},
  booktitle = {Int. Symp. Aerospace/Defense Sensing, Simul. and Controls, Orlando,
	FL},
  year = {1997},
  note = {unscented kalman filter}
}

@CONFERENCE{Julier2002a,
  author = {Julier, S.J. and Uhlmann, J.K. and Durrant-Whyte, H.F.},
  title = {{A new approach for filtering nonlinear systems}},
  booktitle = {American Control Conference, 1995. Proceedings of the},
  year = {2002},
  volume = {3},
  pages = {1628--1632},
  organization = {IEEE},
  isbn = {0780324455},
  owner = {parham},
  timestamp = {2011.02.06}
}

@ARTICLE{Kaminski1991,
  author = {Kaminski, M.J. and Blinowska, K.J.},
  title = {{A new method of the description of the information flow in the brain
	structures}},
  journal = {Biological Cybernetics},
  year = {1991},
  volume = {65},
  pages = {203--210},
  number = {3},
  publisher = {Springer}
}

@ARTICLE{Liley1999,
  author = {Liley, D.T.J. and Alexander, D.M. and Wright, J.J. and Aldous, M.D.},
  title = {Alpha rhythm emerges from large-scale networks of realistically coupled
	multicompartmental model cortical neurons},
  journal = {Network: Computation in Neural Systems},
  year = {1999},
  volume = {10},
  pages = {79--92},
  number = {1},
  publisher = {Informa Pharma Science}
}

@ARTICLE{DaSilva2003,
  author = {Lopes Da Silva, F.L. and Blanes, W. and Kalitzin, S.N. and Parra,
	J. and Suffczynski, P. and Velis, D.N.},
  title = {{Epilepsies as dynamical diseases of brain systems: Basic models
	of the transition between normal and epileptic activity}},
  journal = {Epilepsia},
  year = {2003},
  volume = {44},
  pages = {72},
  number = {12},
  publisher = {Copenhagen: E. Munksgaard}
}

@ARTICLE{Marten2009,
  author = {Marten, F. and Rodrigues, S. and Suffczynski, P. and Richardson,
	M.P. and Terry, J.R.},
  title = {{Derivation and analysis of an ordinary differential equation mean-field
	model for studying clinically recorded epilepsy dynamics}},
  journal = {Physical Review E},
  year = {2009},
  volume = {79},
  pages = {21911},
  number = {2},
  publisher = {APS}
}

@BOOK{McLachlan1997,
  title = {{The EM algorithm and extensions}},
  publisher = {Wiley New York},
  year = {1997},
  author = {McLachlan, G.J. and Krishnan, T.},
  volume = {274},
  edition = {2},
  owner = {parham},
  timestamp = {2011.04.30}
}

@ARTICLE{Merwe2003,
  author = {R. van der Merwe},
  title = {Sigma-Point {K}alman Filters for Probabilistic Inference in Dynamic
	State-Space Models},
  year = {2003},
  text = {R. van der Merwe. Sigma-Point Kalman Filters for Probabilistic Inference
	in Dynamic State-Space Models. In Workshop on Advances in Machine
	Learning, Montreal, June 2003. http://www.iro. umontreal.ca/~kegl/CRMWorkshop/program.html.}
}

@ARTICLE{Moran2008,
  author = {Moran, RJ and Stephan, KE and Kiebel, SJ and Rombach, N. and O'Connor,
	WT and Murphy, KJ and Reilly, RB and Friston, KJ},
  title = {{Bayesian estimation of synaptic physiology from the spectral responses
	of neural masses}},
  journal = {NeuroImage},
  year = {2008},
  volume = {42},
  pages = {272--284},
  number = {1},
  publisher = {Elsevier}
}

@ARTICLE{Peterson1962,
  author = {D.P. Peterson and D. Middleton},
  title = {Sampling and Reconstruction of Wave-Number-Limited Functions in N-Dimensional
	{E}uclidean Spaces},
  journal = {Information and Control},
  year = {1962},
  volume = {5},
  pages = {279-323},
  date-added = {2010-04-09 14:32:54 +0200},
  date-modified = {2010-04-09 14:33:06 +0200},
  keywords = {sampling theory,}
}

@ARTICLE{Qubbaj2007,
  author = {Qubbaj, M.R. and Jirsa, V.K.},
  title = {{Neural field dynamics with heterogeneous connection topology}},
  journal = {Physical Review Letters},
  year = {2007},
  volume = {98},
  pages = {238102},
  number = {23},
  publisher = {APS}
}

@BOOK{Rasmussen2005,
  title = {{Gaussian Processes for Machine Learning (Adaptive Computation and
	Machine Learning)}},
  publisher = {The MIT Press, Cambridge MA},
  year = {2005},
  author = {Rasmussen, C.E. and Williams, C.K.I.}
}

@ARTICLE{RENNIE2000,
  author = {Rennie, C.J. and Wright, J.J. and Robinson, P.A.},
  title = {{Mechanisms of cortical electrical activity and emergence of gamma
	rhythm}},
  journal = {Journal of Theoretical Biology},
  year = {2000},
  volume = {205},
  pages = {17--35},
  number = {1},
  publisher = {Elsevier}
}

@ARTICLE{Sameshima1999,
  author = {Sameshima, K. and Baccal{\'a}, L.A.},
  title = {{Using partial directed coherence to describe neuronal ensemble interactions}},
  journal = {Journal of Neuroscience Methods},
  year = {1999},
  volume = {94},
  pages = {93--103},
  number = {1},
  publisher = {Elsevier}
}

@ARTICLE{Sanner1992,
  author = {Sanner, R.M. and Slotine, J.J.E.},
  title = {{Gaussian networks for direct adaptive control}},
  journal = {IEEE Transactions on Neural Networks},
  year = {1992},
  volume = {3},
  pages = {837--863},
  number = {6}
}

@ARTICLE{Sarkka2010,
  author = {S. Sarkka},
  title = {Continuous-time and continuous-discrete-time unscented Rauch-Tung-Striebel
	smoothers},
  journal = {Signal Processing},
  year = {2010},
  volume = {90},
  pages = {225 - 235},
  number = {1},
  keywords = {Unscented transformation}
}

@ARTICLE{Sarkka2008,
  author = {Sarkka, S.},
  title = {Unscented Rauch--Tung--Striebel Smoother},
  journal = {Automatic Control, IEEE Transactions on},
  year = {2008},
  volume = {53},
  pages = {845-849},
  number = {3},
  month = {April },
  issn = {0018-9286}
}

@ARTICLE{Scerri2009,
  author = {Scerri, K. and Dewar, M. and Kadirkamanathan, V.},
  title = {{Estimation and model selection for an IDE-based spatio-temporal
	model}},
  journal = {IEEE Transactions on Signal Processing},
  year = {2009},
  volume = {57},
  pages = {482--492},
  number = {2}
}

@ARTICLE{schiff2008kalman,
  author = {Schiff, S.J. and Sauer, T.},
  title = {{Kalman filter control of a model of spatiotemporal cortical dynamics}},
  journal = {Journal Neural Engineering},
  year = {2008},
  volume = {5},
  pages = {1--8},
  publisher = {Citeseer}
}

@INPROCEEDINGS{Schiff2009,
  author = {Schiff, S. J.},
  title = {Kalman Meets Neuron: The Emerging Intersection of Control Theory
	with Neuroscience},
  booktitle = {Engineering in Medicine and Biology Society, 2009. EMBS 2009. 31st
	Annual International Conference of the IEEE},
  year = {2009},
  pages = {3318-3321},
  month = {Sept.}
}

@ARTICLE{Schmidt2009,
  author = {H. Schmidt and A. Hutt and L. Schimansky-Geier},
  title = {Wave fronts in inhomogeneous neural field models},
  journal = {Physica D: Nonlinear Phenomena},
  year = {2009},
  volume = {238},
  pages = {1101 - 1112},
  number = {14}
}

@BOOK{Shumway2000,
  title = {Time series analysis and its applications},
  publisher = {Springer Verlag},
  year = {2000},
  author = {Shumway, R.H. and Stoffer, D.S.},
  owner = {parham},
  timestamp = {2011.02.06}
}

@ARTICLE{Suffczynski2004,
  author = {Suffczynski, P. and Kalitzin, S. and Lopes Da Silva, F.H.},
  title = {{Dynamics of non-convulsive epileptic phenomena modeled by a bistable
	neuronal network}},
  journal = {Neuroscience},
  year = {2004},
  volume = {126},
  pages = {467--484},
  number = {2},
  publisher = {Elsevier}
}

@ARTICLE{Sullivan2006,
  author = {Sullivan, T.J. and De Sa, V.R.},
  title = {{A model of surround suppression through cortical feedback}},
  journal = {Neural Networks},
  year = {2006},
  volume = {19},
  pages = {564--572},
  number = {5},
  publisher = {Elsevier}
}

@ARTICLE{Wendling2005,
  author = {Wendling, F. and Hernandez, A. and Bellanger, J.J. and Chauvel, P.
	and Bartolomei, F.},
  title = {{Interictal to ictal transition in human temporal lobe epilepsy:
	Insights from a computational model of intracerebral EEG}},
  journal = {Journal of Clinical Neurophysiology},
  year = {2005},
  volume = {22},
  pages = {343},
  number = {5},
  publisher = {inserm}
}

@ARTICLE{Wilson1973,
  author = {Wilson, HR and Cowan, JD},
  title = {{A mathematical theory of the functional dynamics of cortical and
	thalamic nervous tissue}},
  journal = {Biological Cybernetics},
  year = {1973},
  volume = {13},
  pages = {55--80},
  number = {2},
  publisher = {Springer}
}

@BOOK{Yarlagadda2009,
  title = {{Analog and Digital Signals and systems}},
  publisher = {Springer Verlag},
  year = {2009},
  author = {Yarlagadda, R.K.R.},
  isbn = {1441900330},
  owner = {parham},
  timestamp = {2011.04.18}
}

@BOOK{Haykin2001,
  title = {Kalman Filtering and Neural Networks},
  publisher = {John Wiley \& Sons, New York, NY},
  year = {2001},
  editor = {Simon Haykin},
  owner = {parham},
  timestamp = {2010.01.27}
}

@ARTICLE{Knock2009,
  title = {The effects of physiologically plausible connectivity structure on
	local and global dynamics in large scale brain models},
  journal = {Journal of Neuroscience Methods},
  year = {2009},
  volume = {183},
  pages = {86 - 94},
  number = {1}
}

@comment{jabref-meta: selector_publisher:}

@comment{jabref-meta: selector_author:}

@comment{jabref-meta: selector_journal:}

@comment{jabref-meta: selector_keywords:}

