% This file was created with JabRef 2.5.
% Encoding: ISO8859_1

@ARTICLE{Dewar2009,
  author = {Dewar, M. and Scerri, K. and Kadirkamanathan, V.},
  title = {Data-driven spatio-temporal modeling using the integro-difference
	equation},
  journal = {IEEE Trans. Signal Process.},
  year = {2009},
  volume = {57},
  pages = {83--91},
  number = {1},
  month = {Jan.},
  owner = {parham},
  timestamp = {2010.11.02}
}

@ARTICLE{Freestone2011,
  author = {Freestone, D. R. and Aram, P. and Dewar, M. and Scerri, K. and Grayden,
	D. B. and Kadirkamanathan, V.},
  title = {{A data-driven framework for neural field modeling}},
  journal = {NeuroImage},
  year = {2011},
  issn = {1053-8119},
  publisher = {Elsevier}
}

@BOOK{Rasmussen2005,
  title = {{Gaussian Processes for Machine Learning (Adaptive Computation and
	Machine Learning)}},
  publisher = {The MIT Press, Cambridge MA},
  year = {2005},
  author = {Rasmussen, C.E. and Williams, C.K.I.},
  owner = {parham},
  timestamp = {2011.02.14}
}

@ARTICLE{Scerri2009,
  author = {Scerri, K. and Dewar, M. and Kadirkamanathan, V.},
  title = {Estimation and model selection for an \text{IDE}-based spatio-temporal
	model},
  journal = {IEEE Trans. Signal Process.},
  year = {2009},
  volume = {57},
  pages = {482--492},
  number = {2},
  month = {Feb.},
  owner = {parham},
  timestamp = {2010.11.02}
}

@BOOK{Yarlagadda2009,
  title = {{Analog and Digital Signals and systems}},
  publisher = {Springer Verlag},
  year = {2009},
  author = {Yarlagadda, R.K.R.},
  isbn = {1441900330}
}

@comment{jabref-meta: selector_publisher:}

@comment{jabref-meta: selector_author:}

@comment{jabref-meta: selector_journal:}

@comment{jabref-meta: selector_keywords:}

